@article{Rivers:2007:FFL,
 author = {Rivers, Alec R. and James, Doug L.},
 title = {FastLSM: Fast Lattice Shape Matching for Robust Real-time Deformation},
 journal = {ACM Trans. Graph.},
 issue_date = {July 2007},
 volume = {26},
 number = {3},
 month = jul,
 year = {2007},
 issn = {0730-0301},
 articleno = {82},
 url = {http://doi.acm.org/10.1145/1276377.1276480},
 doi = {10.1145/1276377.1276480},
 acmid = {1276480},
 publisher = {ACM},
 address = {New York, NY, USA},
 keywords = {domain embedding, fast summation, fracturing, free-form deformation, interactive dynamics, large deformation, polar decomposition, shape matching, soft body, summed-area tables, video game physics},
} 

@inproceedings{Parker:2009:RTD,
  title = {Real-Time Deformation and Fracture in a Game Environment},
  booktitle = {Proceedings of the ACM SIGGRAPH/Eurographics Symposium on Computer Animation},
  author = {Eric G. Parker and James F. O'Brien},
  month = aug,
  year = 2009,
  pages = {156--166},
  url = {http://graphics.berkeley.edu/papers/Parker-RTD-2009-08/},
}

@inproceedings{Obrien:1999:GMA,
  publisher = {ACM Press/Addison-Wesley Publishing Co.},
  doi = {http://doi.acm.org/10.1145/311535.311550},
  title = {Graphical Modeling and Animation of Brittle Fracture},
  booktitle = {Proceedings of ACM SIGGRAPH 1999},
  author = {James F. O'Brien and Jessica K. Hodgins},
  month = aug,
  year = 1999,
  pages = {137--146},
  url = {http://graphics.cs.berkeley.edu/papers/Obrien-GMA-1999-08/},
}


